<record><leader>00000cas a2200000 a 4500</leader><controlfield tag="001">34468095</controlfield><controlfield tag="008">960327d19291949fludn ne      0    0eng c</controlfield><datafield ind1=" " ind2=" " tag="010"><subfield code="a">sn 96027229 </subfield></datafield><datafield ind1=" " ind2=" " tag="040"><subfield code="a">FUG</subfield><subfield code="b">eng</subfield><subfield code="c">FUG</subfield><subfield code="d">DLC</subfield><subfield code="d">OCLCQ</subfield><subfield code="d">OCLCF</subfield><subfield code="d">OCLCO</subfield></datafield><datafield ind1=" " ind2=" " tag="012"><subfield code="i">9603</subfield></datafield><datafield ind1="1" ind2=" " tag="029"><subfield code="a">AU@</subfield><subfield code="b">000012365606</subfield></datafield><datafield ind1=" " ind2=" " tag="042"><subfield code="a">pcc</subfield></datafield><datafield ind1=" " ind2=" " tag="043"><subfield code="a">n-us-fl</subfield></datafield><datafield ind1="0" ind2="0" tag="050"><subfield code="a">Newspaper</subfield></datafield><datafield ind1="0" ind2=" " tag="130"><subfield code="a">Daily Democrat (Tallahassee, Fla. : 1929)</subfield></datafield><datafield ind1="1" ind2="0" tag="245"><subfield code="a">Daily Democrat.</subfield></datafield><datafield ind1="1" ind2="7" tag="246"><subfield code="a">Tallahassee daily Democrat</subfield></datafield><datafield ind1="1" ind2=" " tag="246"><subfield code="i">Issued on Sunday from &lt;Apr. 7&gt;-28, 1940 as:</subfield><subfield code="a">Daily Democrat and Florida state news</subfield></datafield><datafield ind1="1" ind2=" " tag="246"><subfield code="i">Issued on Sunday from &lt;1941&gt;-July 24, 1949 as:</subfield><subfield code="a">Sunday news-Democrat</subfield></datafield><datafield ind1=" " ind2=" " tag="260"><subfield code="a">Tallahassee, Fla. :</subfield><subfield code="b">Capital City Pub. Co.,</subfield><subfield code="c">1929-1949.</subfield></datafield><datafield ind1=" " ind2=" " tag="300"><subfield code="a">21 v.</subfield></datafield><datafield ind1=" " ind2=" " tag="310"><subfield code="a">Daily (except Saturday),</subfield><subfield code="b">&lt;1941&gt;-1949</subfield></datafield><datafield ind1=" " ind2=" " tag="321"><subfield code="a">Daily (except Sunday),</subfield><subfield code="b">1929-</subfield></datafield><datafield ind1="0" ind2=" " tag="362"><subfield code="a">Vol. 15, no. 134 (Apr. 4, 1929)-v. 35, no. 150 (July 29, 1949).</subfield></datafield><datafield ind1=" " ind2=" " tag="500"><subfield code="a">Milton A. Smith, editor.</subfield></datafield><datafield ind1=" " ind2=" " tag="515"><subfield code="a">Sunday issues have separate numbering scheme.</subfield></datafield><datafield ind1=" " ind2="0" tag="651"><subfield code="a">Tallahassee (Fla.)</subfield><subfield code="v">Newspapers.</subfield></datafield><datafield ind1=" " ind2="0" tag="651"><subfield code="a">Leon County (Fla.)</subfield><subfield code="v">Newspapers.</subfield></datafield><datafield ind1=" " ind2="7" tag="655"><subfield code="a">Newspapers.</subfield><subfield code="2">fast</subfield><subfield code="0">(OCoLC)fst01423814</subfield></datafield><datafield ind1=" " ind2="7" tag="651"><subfield code="a">Florida</subfield><subfield code="z">Leon County.</subfield><subfield code="2">fast</subfield><subfield code="0">(OCoLC)fst01206533</subfield></datafield><datafield ind1=" " ind2="7" tag="651"><subfield code="a">Florida</subfield><subfield code="z">Tallahassee.</subfield><subfield code="2">fast</subfield><subfield code="0">(OCoLC)fst01206534</subfield></datafield><datafield ind1=" " ind2=" " tag="752"><subfield code="a">United States</subfield><subfield code="b">Florida</subfield><subfield code="c">Leon</subfield><subfield code="d">Tallahassee.</subfield></datafield><datafield ind1="0" ind2="0" tag="780"><subfield code="t">Tallahassee daily Democrat (Tallahassee, Fla. : 1924)</subfield><subfield code="w">(DLC)sn 93063687</subfield><subfield code="w">(OCoLC)29322504</subfield></datafield><datafield ind1="0" ind2="5" tag="780"><subfield code="t">Florida state news</subfield><subfield code="w">(DLC)sn 95047422</subfield><subfield code="w">(OCoLC)33934088</subfield></datafield><datafield ind1="0" ind2="0" tag="785"><subfield code="t">Tallahassee Democrat</subfield><subfield code="w">(DLC)sn 83005708</subfield><subfield code="w">(OCoLC)8253038</subfield></datafield><datafield ind1=" " ind2=" " tag="850"><subfield code="a">FU</subfield></datafield></record>